<?xml version="1.0" encoding="UTF-8"?>
<marc:record xmlns:marc="http://www.loc.gov/MARC21/slim" xmlns:xsi="http://www.w3.org/2001/XMLSchema-instance" xsi:schemaLocation="http://www.loc.gov/standards/marcxml/schema/MARC21slim.xsd">
  <marc:controlfield tag="001">pe41021477</marc:controlfield>
  <marc:controlfield tag="003">DE-633</marc:controlfield>
  <marc:controlfield tag="005">20190518052807.0</marc:controlfield>
  <marc:controlfield tag="008">190317n|||||||a||| a</marc:controlfield>
  <marc:datafield tag="024" ind1="7" ind2=" ">
    <marc:subfield code="a">29219731</marc:subfield>
    <marc:subfield code="2">VIAF</marc:subfield>
  </marc:datafield>
  <marc:datafield tag="024" ind1="7" ind2=" ">
    <marc:subfield code="a">no2003044470</marc:subfield>
    <marc:subfield code="2">LC</marc:subfield>
  </marc:datafield>
  <marc:datafield tag="024" ind1="7" ind2=" ">
    <marc:subfield code="a">Q23929281</marc:subfield>
    <marc:subfield code="2">WKP</marc:subfield>
  </marc:datafield>
  <marc:datafield tag="040" ind1=" " ind2=" ">
    <marc:subfield code="a">DE-633</marc:subfield>
    <marc:subfield code="b">ger</marc:subfield>
    <marc:subfield code="c">DE-633</marc:subfield>
  </marc:datafield>
  <marc:datafield tag="042" ind1=" " ind2=" ">
    <marc:subfield code="a">individualized</marc:subfield>
  </marc:datafield>
  <marc:datafield tag="043" ind1=" " ind2=" ">
    <marc:subfield code="c">XA-PL</marc:subfield>
  </marc:datafield>
  <marc:datafield tag="100" ind1="1" ind2=" ">
    <marc:subfield code="a">Stolpe, Alojzy</marc:subfield>
    <marc:subfield code="d">1784p-1824</marc:subfield>
    <marc:subfield code="y">1784p-30.05.1824</marc:subfield>
  </marc:datafield>
  <marc:datafield tag="375" ind1=" " ind2=" ">
    <marc:subfield code="a">male</marc:subfield>
  </marc:datafield>
  <marc:datafield tag="400" ind1="1" ind2=" ">
    <marc:subfield code="a">Stolpe, A.</marc:subfield>
  </marc:datafield>
  <marc:datafield tag="550" ind1=" " ind2=" ">
    <marc:subfield code="a">Composer</marc:subfield>
  </marc:datafield>
  <marc:datafield tag="550" ind1=" " ind2=" ">
    <marc:subfield code="a">Conductor</marc:subfield>
  </marc:datafield>
  <marc:datafield tag="550" ind1=" " ind2=" ">
    <marc:subfield code="a">Music pedagogue</marc:subfield>
  </marc:datafield>
  <marc:datafield tag="550" ind1=" " ind2=" ">
    <marc:subfield code="a">Pianist</marc:subfield>
  </marc:datafield>
  <marc:datafield tag="551" ind1=" " ind2=" ">
    <marc:subfield code="a">Warszawa</marc:subfield>
    <marc:subfield code="i">so</marc:subfield>
  </marc:datafield>
  <marc:datafield tag="670" ind1=" " ind2=" ">
    <marc:subfield code="a">DEUMM/b</marc:subfield>
    <marc:subfield code="b">0</marc:subfield>
    <marc:subfield code="w">1577</marc:subfield>
  </marc:datafield>
  <marc:datafield tag="670" ind1=" " ind2=" ">
    <marc:subfield code="a">DEUMM/b suppl.</marc:subfield>
    <marc:subfield code="b">0</marc:subfield>
    <marc:subfield code="w">2957</marc:subfield>
  </marc:datafield>
  <marc:datafield tag="670" ind1=" " ind2=" ">
    <marc:subfield code="a">EM/b</marc:subfield>
    <marc:subfield code="b">Stolpe, Alojzy [30.05.1824+]</marc:subfield>
    <marc:subfield code="w">1793</marc:subfield>
  </marc:datafield>
  <marc:datafield tag="670" ind1=" " ind2=" ">
    <marc:subfield code="a">Grove|7</marc:subfield>
    <marc:subfield code="b">0</marc:subfield>
    <marc:subfield code="w">3072</marc:subfield>
  </marc:datafield>
  <marc:datafield tag="670" ind1=" " ind2=" ">
    <marc:subfield code="a">MGG|2/p</marc:subfield>
    <marc:subfield code="b">0</marc:subfield>
    <marc:subfield code="w">3828</marc:subfield>
  </marc:datafield>
  <marc:datafield tag="670" ind1=" " ind2=" ">
    <marc:subfield code="a">MGG|2/s</marc:subfield>
    <marc:subfield code="b">0</marc:subfield>
    <marc:subfield code="w">1290</marc:subfield>
  </marc:datafield>
  <marc:datafield tag="670" ind1=" " ind2=" ">
    <marc:subfield code="a">MGG|2 suppl.</marc:subfield>
    <marc:subfield code="b">0</marc:subfield>
    <marc:subfield code="w">30020107</marc:subfield>
  </marc:datafield>
  <marc:datafield tag="670" ind1=" " ind2=" ">
    <marc:subfield code="a">SMP</marc:subfield>
    <marc:subfield code="b">Stolpe, Alojzy [1824+]</marc:subfield>
    <marc:subfield code="w">1935</marc:subfield>
  </marc:datafield>
</marc:record>
